@article{adams2024doomed,
    author = {Adams, Elisabeth R. and Jackson, Brian and Sickafoose, Amanda A. and Morgenthaler, Jeffrey P. and Worters, Hannah and Stubbers, Hailey and Carlson, Dallon and Bhure, Sakhee and Dekeyser, Stijn and Huang, Chelsea X. and Weinberg, Nevin N.},
    journal = {The Planetary Science Journal},
    number = {7},
    pages = {163},
    title = {Doomed Worlds. I. No New Evidence for Orbital Decay in a Long-term Survey of 43 Ultrahot Jupiters},
    volume = {5},
    year = {2024}}

@article{jackson2023metrics,
  title={Metrics for Optimizing Searches for Tidally Decaying Exoplanets},
  author={Jackson, Brian and Adams, Elisabeth R and Morgenthaler, Jeffrey P},
  journal={The Astronomical Journal},
  volume={166},
  number={4},
  pages={142},
  year={2023},
  publisher={IOP Publishing}
}

@article{carter2008analytic,
  title={Analytic approximations for transit light-curve observables, uncertainties, and covariances},
  author={Carter, Joshua A and Yee, Jennifer C and Eastman, Jason and Gaudi, B Scott and Winn, Joshua N},
  journal={The Astrophysical Journal},
  volume={689},
  number={1},
  pages={499},
  year={2008},
  publisher={IOP Publishing}
}

@article{winn2010transits,
  title={Transits and occultations},
  author={Winn, Joshua N},
  journal={arXiv preprint arXiv:1001.2010},
  year={2010}
}

@article{ogilvie2014tidal,
  title={Tidal dissipation in stars and giant planets},
  author={Ogilvie, Gordon I},
  journal={Annual Review of Astronomy and Astrophysics},
  volume={52},
  number={1},
  pages={171--210},
  year={2014},
  publisher={Annual Reviews}
}

@article{weinberg2023orbital,
  title={Orbital Decay of Hot Jupiters due to Weakly Nonlinear Tidal Dissipation},
  author={Weinberg, Nevin N and Davachi, Niyousha and Essick, Reed and Yu, Hang and Arras, Phil and Belland, Brent},
  journal={The Astrophysical Journal},
  volume={960},
  number={1},
  pages={50},
  year={2023},
  publisher={IOP Publishing}
}

@article{yee2019orbit,
  title={The orbit of WASP-12b is decaying},
  author={Yee, Samuel W and Winn, Joshua N and Knutson, Heather A and Patra, Kishore C and Vissapragada, Shreyas and Zhang, Michael M and Holman, Matthew J and Shporer, Avi and Wright, Jason T},
  journal={The Astrophysical Journal Letters},
  volume={888},
  number={1},
  pages={L5},
  year={2019},
  publisher={IOP Publishing}
}

@article{wolszczan1992planetary,
  title={A planetary system around the millisecond pulsar PSR1257+ 12},
  author={Wolszczan, Aleksander and Frail, Dail A},
  journal={Nature},
  volume={355},
  number={6356},
  pages={145--147},
  year={1992},
  publisher={Nature Publishing Group UK London}
}

@article{mayor1995pegasi51b,
	author = {Mayor, Michel and Queloz, Didier},
	journal = {Nature},
	number = {6555},
	pages = {355--359},
	title = {A Jupiter-mass companion to a solar-type star},
	volume = {378},
	year = {1995}
}

@article{fortney2021hotjupiters,
	author = {Fortney, Jonathan J. and Dawson, Rebekah I. and Komacek, Thaddeus D.},
	journal = {Journal of Geophysical Research: Planets},
	number = {3},
	pages = {e2020JE006629},
	title = {Hot Jupiters: Origins, Structure, Atmospheres},
	volume = {126},
	year = {2021}
}

@article{dawson2018origins,
	author = {Dawson, Rebekah I. and Johnson, John Asher},
	journal = {Annual Review of Astronomy and Astrophysics},
	number = {Volume 56, 2018},
	pages = {175-221},
	title = {Origins of Hot Jupiters},
	volume = {56},
	year = {2018}
}

@article{helled2013giant,
  title={Giant planet formation, evolution, and internal structure},
  author={Helled, Ravit and Bodenheimer, Peter and Podolak, Morris and Boley, Aaron and Meru, Farzana and Nayakshin, Sergei and Fortney, Jonathan J and Mayer, Lucio and Alibert, Yann and Boss, Alan P},
  journal={arXiv preprint arXiv:1311.1142},
  year={2013}
}

@article{sgro2024confirmation,
  title={Confirmation and Characterization of the Eccentric, Warm Jupiter TIC 393818343 b with a Network of Citizen Scientists},
  author={Sgro, Lauren A and Dalba, Paul A and Esposito, Thomas M and Marchis, Franck and Dragomir, Diana and Villanueva, Steven and Fulton, Benjamin and Billiani, Mario and Loose, Margaret and Meneghelli, Nicola and others},
  journal={The Astronomical Journal},
  volume={168},
  number={1},
  pages={26},
  year={2024},
  publisher={IOP Publishing}
}

@article{pollack1996formation,
  title={Formation of the giant planets by concurrent accretion of solids and gas},
  author={Pollack, James B and Hubickyj, Olenka and Bodenheimer, Peter and Lissauer, Jack J and Podolak, Morris and Greenzweig, Yuval},
  journal={icarus},
  volume={124},
  number={1},
  pages={62--85},
  year={1996},
  publisher={Elsevier}
}

@article{barros2022detection,
  title={Detection of the tidal deformation of WASP-103b at 3 $\sigma$ with CHEOPS},
  author={Barros, Susana CC and Akinsanmi, B and Bou{\'e}, G and Smith, AMS and Laskar, J and Ulmer-Moll, S and Lillo-Box, J and Queloz, D and Cameron, A Collier and Sousa, SG and others},
  journal={Astronomy \& Astrophysics},
  volume={657},
  pages={A52},
  year={2022},
  publisher={EDP Sciences}
}

@article{hamer2019hot,
  title={Hot Jupiters are destroyed by tides while their host stars are on the main sequence},
  author={Hamer, Jacob H and Schlaufman, Kevin C},
  journal={The Astronomical Journal},
  volume={158},
  number={5},
  pages={190},
  year={2019},
  publisher={IOP Publishing}
}

@ARTICLE{schwarz1978estimating,
       author = {{Schwarz}, Gideon},
        title = "{Estimating the Dimension of a Model}",
      journal = {Annals of Statistics},
         year = 1978,
        month = jul,
       volume = {6},
       number = {2},
        pages = {461-464},
       adsurl = {https://ui.adsabs.harvard.edu/abs/1978AnSta...6..461S},
      adsnote = {Provided by the SAO/NASA Astrophysics Data System}
}

@article{pearson1900criterion,
	author = {Karl Pearson},
	journal = {The London, Edinburgh, and Dublin Philosophical Magazine and Journal of Science},
	number = {302},
	pages = {157--175},
	title = {X. On the criterion that a given system of deviations from the probable in the case of a correlated system of variables is such that it can be reasonably supposed to have arisen from random sampling},
	volume = {50},
	year = {1900}
}

@article{vervoort2022system,
  title={System architecture and planetary obliquity: implications for long-term habitability},
  author={Vervoort, Pam and Horner, Jonathan and Kane, Stephen R and Turner, Sandra Kirtland and Gilmore, James B},
  journal={The Astronomical Journal},
  volume={164},
  number={4},
  pages={130},
  year={2022},
  publisher={IOP Publishing}
}

@article{metzger2012optical,
  title={Optical and X-ray transients from planet--star mergers},
  author={Metzger, Brian D and Giannios, Dimitrios and Spiegel, David S},
  journal={Monthly Notices of the Royal Astronomical Society},
  volume={425},
  number={4},
  pages={2778--2798},
  year={2012},
  publisher={Blackwell Science Ltd Oxford, UK}
}

@article{de2023infrared,
  title={An infrared transient from a star engulfing a planet},
  author={De, Kishalay and MacLeod, Morgan and Karambelkar, Viraj and Jencson, Jacob E and Chakrabarty, Deepto and Conroy, Charlie and Dekany, Richard and Eilers, Anna-Christina and Graham, Matthew J and Hillenbrand, Lynne A and others},
  journal={Nature},
  volume={617},
  number={7959},
  pages={55--60},
  year={2023},
  publisher={Nature Publishing Group UK London}
}

@article{rossiter1924detection,
  title={On the detection of an effect of rotation during eclipse in the velocity of the brigher component of beta Lyrae, and on the constancy of velocity of this system.},
  author={Rossiter, RA},
  journal={Astrophysical Journal, 60, 15-21 (1924)},
  volume={60},
  year={1924}
}

@article{mclaughlin1924some,
  title={Some results of a spectrographic study of the Algol system.},
  author={McLaughlin, DB},
  journal={Astrophysical Journal, 60, 22-31 (1924)},
  volume={60},
  year={1924}
}

@article{triaud2017rossiter,
  title={The Rossiter-McLaughlin Effect in Exoplanet Research},
  author={Triaud, Amaury HMJ},
  journal={arXiv preprint arXiv:1709.06376},
  year={2017}
}

@article{queloz2000detection,
  title={Detection of a spectroscopic transit by the planet orbiting the star HD209458},
  author={Queloz, D and Eggenberger, Anne and Mayor, Michel and Perrier, C and Beuzit, JL and Naef, D and Sivan, JP and Udry, S},
  journal={arXiv preprint astro-ph/0006213},
  year={2000}
}

@article{bundy2000search,
  title={A search for transit effects in spectra of 51 Pegasi and HD 209458},
  author={Bundy, Kevin A and Marcy, Geoffrey W},
  journal={Publications of the Astronomical Society of the Pacific},
  volume={112},
  number={777},
  pages={1421},
  year={2000},
  publisher={IOP Publishing}
}

@article{gaudi2007prospects,
  title={Prospects for the characterization and confirmation of transiting exoplanets via the Rossiter-McLaughlin effect},
  author={Gaudi, B Scott and Winn, Joshua N},
  journal={The Astrophysical Journal},
  volume={655},
  number={1},
  pages={550},
  year={2007},
  publisher={IOP Publishing}
}

@article{helling2019understanding,
  title={Understanding the atmospheric properties and chemical composition of the ultra-hot Jupiter HAT-P-7b-I. Cloud and chemistry mapping},
  author={Helling, Ch and Iro, N and Corrales, L and Samra, D and Ohno, K and Alam, MK and Steinrueck, M and Lew, B and Molaverdikhani, K and MacDonald, RJ and others},
  journal={Astronomy \& Astrophysics},
  volume={631},
  pages={A79},
  year={2019},
  publisher={EDP Sciences}
}

@article{patel2022constraining,
  title={Constraining tidal quality factor using spin period in eclipsing binaries},
  author={Patel, Ruskin and Penev, Kaloyan},
  journal={Monthly Notices of the Royal Astronomical Society},
  volume={512},
  number={3},
  pages={3651--3661},
  year={2022},
  publisher={Oxford University Press}
}

@article{ogilvie2007tidal,
  title={Tidal dissipation in rotating solar-type stars},
  author={Ogilvie, Gordon I and Lin, DNC},
  journal={The Astrophysical Journal},
  volume={661},
  number={2},
  pages={1180},
  year={2007},
  publisher={IOP Publishing}
}

@article{goldreich1966q,
  title={Q in the Solar System},
  author={Goldreich, Peter and Soter, Steven},
  journal={icarus},
  volume={5},
  number={1-6},
  pages={375--389},
  year={1966},
  publisher={Elsevier}
}

@article{lovis2010radial,
  title={Radial velocity techniques for exoplanets},
  author={Lovis, Christophe and Fischer, Debra and others},
  journal={Exoplanets},
  pages={27--53},
  year={2010},
  publisher={University of Arizona Press Tucson, AZ}
}

@article{attia2023dream,
  title={DREAM-II. The spin--orbit angle distribution of close-in exoplanets under the lens of tides},
  author={Attia, O and Bourrier, V and Delisle, J-B and Eggenberger, P},
  journal={Astronomy \& Astrophysics},
  volume={674},
  pages={A120},
  year={2023},
  publisher={EDP Sciences}
}